
@article{tn186,
  author = "Patrick de Perio and James Imber",
  title  = "Super-K Systematic Uncertainties for RUN1-4 Joint {$\nu_{e}+\nu_{mu}$} Analyses",
  year   = "2014",
  journal = "T2K Technical Note 186"
}



@article{tn034,
  author  = "J. Kameda and R.Wendell",
  journal = "Study on Super-K events and systematic errors relevant for the {$\nu_{\mu}$} disappearance analysis with T2K {$3.23 \times 10^{19}$} POT of data",
  title   = "T2K Technical Note 034",
  year    = "2010"
}



@article{tn159,
  author  = "J. Kameda",
  title = "Updated sudy of the systematic error in {$\nu_{\mu}$} disappearance analysis from Super-Kamiokande",
  journal = "T2K Technical Note 159",
  year    = "2013"
}



@article{tn157,
  author  = "Y. Nishimura and H.K. Tanaka",
  title = "Super-K systematic uncertainties for the {$\nu_{e}$} analysis with T2K {$6.393 \times 10^{20}$} POT (RUN1-4) data",
  journal = "T2K Technical Note 157",
  year    = "2013"
}



@article{tn146,
  author  = "S. Berkman \emph{et. al.}",
  title = "fiTQun, A New Reconstruction Algorithm for Super-K",
  journal = "T2K Technical Note 146",
  year    = "2017"
}



@article{tn317,
  author = "James Imber",
  title = "Super-Kamiokande Events and Data Quality Studies for T2K Runs 1-8",
  journal = "T2K Technical Note 317",
  year    = "2017"
}



@article{tn319,
  author = "Xiaoyue Li and Michael Wilking",
  title = "fiTQun Event Selection Optimization",
  journal = "T2K Technical Note 319",
  year    = "2017"
}



